<?xml version="1.0" encoding="UTF-8"?><collection xmlns="http://www.loc.gov/MARC21/slim"><record><leader>00388nam--2200145-i-4500</leader><controlfield tag="001">000041526</controlfield><controlfield tag="002">20161230</controlfield><controlfield tag="005">20161230201043</controlfield><controlfield tag="008">060222s1000------------r-----000-0-eng-d</controlfield><datafield ind1=" " ind2=" " tag="080"><subfield code="a">621.3.029.6:621.37.029.6</subfield></datafield><datafield ind1=" " ind2=" " tag="100"><subfield code="a">Shurmer,H.V</subfield></datafield><datafield ind1=" " ind2=" " tag="245"><subfield code="a">Microwave semiconductor devices</subfield></datafield><datafield ind1=" " ind2=" " tag="260"><subfield code="a">London, Pitman Publ.,1971. Xi + 223 P</subfield></datafield><datafield ind1=" " ind2=" " tag="490"><subfield code="a">Electronic Engineering Series</subfield></datafield><datafield ind1=" " ind2=" " tag="852"><subfield code="a">35984</subfield></datafield></record></collection>